
@misc{noauthor_prototypical_nodate,
	title = {Prototypical {Contrastive} {Learning} of {Unsupervised} {Representations} - {AMiner}},
	url = {https://www.aminer.cn/pub/5eba73be91e01108d77cf8a1/prototypical-contrastive-learning-of-unsupervised-representations?conf=iclr2021},
	urldate = {2021-04-12},
	file = {Prototypical Contrastive Learning of Unsupervised Representations - AMiner:C\:\\Users\\Administrator\\Zotero\\storage\\PCESBNRC\\prototypical-contrastive-learning-of-unsupervised-representations.html:text/html},
}
