
@article{choromanski2020rethinking,
	title={Rethinking Attention with Performers},
	author={Choromanski, Krzysztof and Likhosherstov, Valerii and Dohan, David and Song, Xingyou and Gane, Andreea and Sarlos, Tamas and Hawkins, Peter and Davis, Jared and Mohiuddin, Afroz and Kaiser, Lukasz and Belanger, David and Colwell, Lucy and Weller, Adrian},
	journal={international conference on learning representations},
	year={2020}
}

@misc{chollet2015keras,
	title={Keras},
	author={Chollet, Fran\c{c}ois and others},
	year={2015},
	publisher={GitHub},
	howpublished={\url{https://github.com/keras-team/keras}},
}
@Misc{gpyopt2016,
	author =   {The GPyOpt authors},
	title =    {GPyOpt: A Bayesian Optimization framework in Python},
	howpublished = {\url{http://github.com/SheffieldML/GPyOpt}},
	year = {2016}
}