@book{liu_representation_2020,
	address = {Singapore},
	title = {Representation {Learning} for {Natural} {Language} {Processing}},
	isbn = {9789811555725 9789811555732},
	url = {http://link.springer.com/10.1007/978-981-15-5573-2},
	language = {en},
	urldate = {2021-04-12},
	publisher = {Springer Singapore},
	author = {Liu, Zhiyuan and Lin, Yankai and Sun, Maosong},
	year = {2020},
	doi = {10.1007/978-981-15-5573-2},
	file = {Liu 等。 - 2020 - Representation Learning for Natural Language Proce.pdf:C\:\\Users\\Administrator\\Zotero\\storage\\QRIV8HMM\\Liu 等。 - 2020 - Representation Learning for Natural Language Proce.pdf:application/pdf},
}
@article{dosovitskiy2020an,
	title={An Image is Worth 16x16 Words: Transformers for Image Recognition at
		Scale},
	author={Dosovitskiy, Alexey and Beyer, Lucas and Kolesnikov, Alexander and Weissenborn, Dirk and Zhai, Xiaohua and Unterthiner, Thomas and Dehghani, Mostafa and Minderer, Matthias and Heigold, Georg and Gelly, Sylvain and Uszkoreit, Jakob and Houlsby, Neil},
	journal={international conference on learning representations},
	year={2020}
}
@article{junnan2020prototypical,
	title={Prototypical Contrastive Learning of Unsupervised Representations},
	author={Junnan, Li and Pan, Zhou and Caiming, Xiong and Richard, Socher and H., Steven C. Hoi},
	journal={international conference on learning representations},
	year={2020}
}


